@book{ProgrammingRust,
  Title = {Programming Rust: Fast, Safe Systems Development},
  Author = {Jim Blandy and Jason Orendorff},
  Publisher = {O'Reilly Media},
  Year = {2017},
  ISBN = {1491927283},
  URL = {http://shop.oreilly.com/product/0636920040385.do}
}
